
@article{Abeyratne:2015pma,
	author         = "Abeyratne, S. and others",
	title          = "{MEIC Design Summary}",
	year           = "2015",
	eprint         = "1504.07961",
	archivePrefix  = "arXiv",
	primaryClass   = "physics.acc-ph",
	reportNumber   = "JLAB-ACP-15-2036",
	SLACcitation   = "%%CITATION = ARXIV:1504.07961;%%"
}

@article{Kondratenko:2016eqn,
	author         = "Kondratenko, A. M. and Kondratenko, M. A. and Filatov,
	{\relax Yu}. N. and Derbenev, {\relax Ya}. S. and Lin, F.
	and Morozov, V. S. and Zhang, Y.",
	title          = "{Ion Polarization Scheme for MEIC}",
	year           = "2016",
	eprint         = "1604.05632",
	archivePrefix  = "arXiv",
	primaryClass   = "physics.acc-ph",
	SLACcitation   = "%%CITATION = ARXIV:1604.05632;%%"
}

@article{Abeyratne:2012ah,
	author         = "Abeyratne, S. and others",
	title          = "{Science Requirements and Conceptual Design for a
	Polarized Medium Energy Electron-Ion Collider at Jefferson
	Lab}",
	year           = "2012",
	eprint         = "1209.0757",
	archivePrefix  = "arXiv",
	primaryClass   = "physics.acc-ph",
	reportNumber   = "JLAB-ACC-12-1619",
	SLACcitation   = "%%CITATION = ARXIV:1209.0757;%%"
}

@inproceedings{Morozov:2012,
	author       = "Morozov, V. S. and others",
	title        = "{Integration of Detector into Interaction Region at MEIC}",
	date         = "2012",
	booktitleaddon= "{Proceedings of the 3rd International Particle Accelerator Conference}",
	eventdate    = "{2012-05-20/2012-05-25}",
	location     = "New Orleans, LA, USA",
	pages        = "2011",
}

@inproceedings{Lin,
	author       = "Lin, F. and others",

	title        = "{Interaction Region Design and Detector Integration at JLab's MEIC}",
	date         = "2013",
	booktitleaddon= "{Proceedings of the 2013 North American Particle Accelerator Conference}",
	eventdate    = "{2013-09-29/20131-10-4}",
	location     = "{Pasadena, CA}",
	pages        = "{508}",
}

@inproceedings{Morozov:2014,
	author       = "Morozov, V. S. and others.",
	
	title        = "{Progress on the interaction region design and detector integration at JLAB's MEIC}",
	date         = "{2014}",
	booktitleaddon= "{Proceedings of the 5th International Particle Accelerator Conference}",
	eventdate    = "{2014-06-15/2014-06-20}",
	location     = "{Dresden, Germany}",
	pages        = "{71-73}",
}

@inproceedings{Nosochkov:2015,
	author       = "Nosochkov  and others",	
	title        = "{Progress on Optimization of the Nonlinear Beam Dynamics in the MEIC Collider Rings}",
	date         = "{2015}",
	booktitleaddon= "{Proceedings of the 6th International Particle Accelerator Conference}",
	eventdate    = "{2014-06-15/2014-06-20}",
	location     = "{Richmond, VA}",
	pages        = {2311},
}

@misc{Bruce:2016,
	author         = "Bruce, R.",
	note           = "presentation at CERN, HL-LHC project"
	eventdate = "{October 2016}"
}
